%=== Avoid the dash line being on the same author ===%
@IEEEtranBSTCTL{IEEEexample:BSTcontrol,
CTLdash_repeated_names = "no"
}

% Survey
% ---------- Indoor positioning ----------
@article{el2021indoor,
  title={Indoor navigation: State of the art and future trends},
  author={El-Sheimy, Naser and Li, You},
  journal={Satellite Navigation},
  volume={2},
  number={1},
  pages={1--23},
  year={2021},
  publisher={SpringerOpen}
}
@article{mendoza2019meta,
  title={A meta-review of indoor positioning systems},
  author={Mendoza-Silva, Germ{\'a}n Mart{\'\i}n and Torres-Sospedra, Joaqu{\'\i}n and Huerta, Joaqu{\'\i}n},
  journal={Sensors},
  volume={19},
  number={20},
  pages={4507},
  year={2019},
  publisher={MDPI}
}
@article{kunhoth2020indoor,
  title={Indoor positioning and wayfinding systems: a survey},
  author={Kunhoth, Jayakanth and Karkar, AbdelGhani and Al-Maadeed, Somaya and Al-Ali, Abdulla},
  journal={Human-centric Computing and Information Sciences},
  volume={10},
  number={1},
  pages={1--41},
  year={2020},
  publisher={Springer}
}
@inproceedings{alkhawaja2019techniques,
  title={Techniques of indoor positioning systems ({IPS}): A survey},
  author={Alkhawaja, Fares and Jaradat, Mohammad and Romdhane, Lotfi},
  booktitle={2019 Advances in Science and Engineering Technology International Conferences (ASET)},
  pages={1--8},
  year={2019},
  organization={IEEE}
}
@article{farahsari2022survey,
  title={A survey on indoor positioning systems for iot-based applications},
  author={Farahsari, Pooyan Shams and Farahzadi, Amirhossein and Rezazadeh, Javad and Bagheri, Alireza},
  journal={IEEE Internet of Things Journal},
  volume={9},
  number={10},
  pages={7680--7699},
  year={2022},
  publisher={IEEE}
}
% ---------- Applications ----------
@inproceedings{kamiya2019indoor,
  title={Indoor positioning in large shopping mall with context based map matching},
  author={Kamiya, Yoshihiko and Gu, Yanlei and Kamijo, Shunsuke},
  booktitle={2019 IEEE International Conference on Consumer Electronics (ICCE)},
  pages={1--6},
  year={2019},
  organization={IEEE}
}
@article{spachos2020ble,
  title={{BLE} beacons for indoor positioning at an interactive {IoT}-based smart museum},
  author={Spachos, Petros and Plataniotis, Konstantinos N},
  journal={IEEE Systems Journal},
  volume={14},
  number={3},
  pages={3483--3493},
  year={2020},
  publisher={IEEE}
}
@article{li2022sensing,
  title={Sensing and navigation of wearable assistance cognitive systems for the visually impaired},
  author={Li, Guoxin and Xu, Jiaqi and Li, Zhijun and Chen, Chao and Kan, Zhen},
  journal={IEEE Transactions on Cognitive and Developmental Systems},
  volume={15},
  number={1},
  pages={122--133},
  year={2022},
  publisher={IEEE}
}
@inproceedings{ng2020design,
  title={Design of a mobile augmented reality-based indoor navigation system},
  author={Ng, Xin Hui and Lim, Woan Ning},
  booktitle={2020 4th International Symposium on Multidisciplinary Studies and Innovative Technologies (ISMSIT)},
  pages={1--6},
  year={2020},
  organization={IEEE}
}

% ---------- Wireless ----------
@inproceedings{ji2022survey,
  title={Survey on indoor fingerprint localization for {BLE}},
  author={Ji, Tong and Li, Wenhao and Zhu, Xiangcheng and Liu, Mengshuang},
  booktitle={2022 IEEE 6th Information Technology and Mechatronics Engineering Conference (ITOEC)},
  volume={6},
  pages={129--134},
  year={2022},
  organization={IEEE}
}
% ---------- Vision ----------
@article{morar2020comprehensive,
  title={A comprehensive survey of indoor localization methods based on computer vision},
  author={Morar, Anca and Moldoveanu, Alin and Mocanu, Irina and Moldoveanu, Florica and Radoi, Ion Emilian and Asavei, Victor and Gradinaru, Alexandru and Butean, Alex},
  journal={Sensors},
  volume={20},
  number={9},
  pages={2641},
  year={2020},
  publisher={MDPI}
}
% ---------- KNN ----------
@article{bhatia2010survey,
  title={Survey of nearest neighbor techniques},
  author={Bhatia, Nitin and others},
  journal={arXiv preprint arXiv:1007.0085},
  year={2010}
}
% ---------- YOLO ----------
@inproceedings{wang2023yolov7,
  title={{YOLO}v7: Trainable bag-of-freebies sets new state-of-the-art for real-time object detectors},
  author={Wang, Chien-Yao and Bochkovskiy, Alexey and Liao, Hong-Yuan Mark},
  booktitle={Proceedings of the IEEE/CVF Conference on Computer Vision and Pattern Recognition},
  pages={7464--7475},
  year={2023}
}
% ---------- DA ----------
@article{shorten2019survey,
  title={A survey on image data augmentation for deep learning},
  author={Shorten, Connor and Khoshgoftaar, Taghi M},
  journal={Journal of big data},
  volume={6},
  number={1},
  pages={1--48},
  year={2019},
  publisher={SpringerOpen}
}

% Outdoor positioning
@inproceedings{agrawal2006real,
  title={Real-time localization in outdoor environments using stereo vision and inexpensive {GPS}},
  author={Agrawal, Motilal and Konolige, Kurt},
  booktitle={18th International conference on pattern recognition (ICPR'06)},
  volume={3},
  pages={1063--1068},
  year={2006},
  organization={IEEE}
}
@inproceedings{cai2019mobile,
  title={Mobile robot localization using {GPS}, {IMU} and visual odometry},
  author={Cai, Guo-Sheng and Lin, Huei-Yung and Kao, Shih-Fen},
  booktitle={2019 International Automatic Control Conference (CACS)},
  pages={1--6},
  year={2019},
  organization={IEEE}
}

% Indoor positioning using single sensor data
% ---------- Wirless ----------
% Wi-Fi
@inproceedings{wang2017cifi,
  title={{C}i{F}i: Deep convolutional neural networks for indoor localization with 5 {GH}z {W}i-{F}i},
  author={Wang, Xuyu and Wang, Xiangyu and Mao, Shiwen},
  booktitle={2017 IEEE International Conference on Communications (ICC)},
  pages={1--6},
  year={2017},
  organization={IEEE}
}
@article{zhang2020wifi,
  title={Wifi-based indoor robot positioning using deep fuzzy forests},
  author={Zhang, Le and Chen, Zhenghua and Cui, Wei and Li, Bing and Chen, Cen and Cao, Zhiguang and Gao, Kaizhou},
  journal={IEEE Internet of Things Journal},
  volume={7},
  number={11},
  pages={10773--10781},
  year={2020},
  publisher={IEEE}
}
@article{lan2022fingerprint,
  title={Fingerprint augment based on super-resolution for {W}i{F}i fingerprint based indoor localization},
  author={Lan, Tian and Wang, Xianmin and Chen, Zhikun and Zhu, Jinkang and Zhang, Sihai},
  journal={IEEE Sensors Journal},
  volume={22},
  number={12},
  pages={12152--12162},
  year={2022},
  publisher={IEEE}
}
@article{zhang2020received,
  title={Received signal strength-based indoor localization using hierarchical classification},
  author={Zhang, Chenbin and Qin, Ningning and Xue, Yanbo and Yang, Le},
  journal={Sensors},
  volume={20},
  number={4},
  pages={1067},
  year={2020},
  publisher={MDPI}
}
@inproceedings{sonny2022fingerprint,
  title={Fingerprint Image-Based Multi-Building {3D} Indoor {W}i-{F}i Localization Using Convolutional Neural Networks},
  author={Sonny, Amala and Kumar, Abhinav},
  booktitle={2022 National Conference on Communications (NCC)},
  pages={106--111},
  year={2022},
  organization={IEEE}
}
% BLE
@article{zhuang2016smartphone,
  title={Smartphone-based indoor localization with bluetooth low energy beacons},
  author={Zhuang, Yuan and Yang, Jun and Li, You and Qi, Longning and El-Sheimy, Naser},
  journal={Sensors},
  volume={16},
  number={5},
  pages={596},
  year={2016},
  publisher={MDPI}
}
@article{Sou2019BTrack,
  title={Indoor Location Learning Over Wireless Fingerprinting System With Particle Markov Chain Model},
  author={Sou, Sok-Ian and Lin, Wen-Hsiang and Lan, Kun-Chan and Lin,Chuan-Sheng},
  journal={IEEE Access},
  volume={7},
  pages={8713--8725},
  year={2019},
  publisher={IEEE}
}
@article{danics2021adaptive,
  title={Adaptive sequential {M}onte {C}arlo filter for indoor positioning and tracking with bluetooth low energy beacons},
  author={Dan{\'\i}{\c{s}}, F Serhan and Cemg{\'\i}l, A Taylan and Ersoy, Cem},
  journal={IEEE Access},
  volume={9},
  pages={37022--37038},
  year={2021},
  publisher={IEEE}
}
% RFID
@inproceedings{jiang2019deep,
  title={Deep belief network for fingerprinting-based {RFID} indoor localization},
  author={Jiang, Hong and Peng, Chao and Sun, Jing},
  booktitle={ICC 2019-2019 IEEE International Conference on Communications (ICC)},
  pages={1--5},
  year={2019},
  organization={IEEE}
}
@article{merenda2022rfid,
  title={{RFID}-Based Indoor Positioning Using Edge Machine Learning},
  author={Merenda, Massimo and Catarinucci, Luca and Colella, Riccardo and Iero, Demetrio and Della Corte, Francesco G and Carotenuto, Riccardo},
  journal={IEEE Journal of Radio Frequency Identification},
  volume={6},
  pages={573--582},
  year={2022},
  publisher={IEEE}
}
% UWB
@article{poulose2020uwb,
  title={{UWB} indoor localization using deep learning {LSTM} networks},
  author={Poulose, Alwin and Han, Dong Seog},
  journal={Applied Sciences},
  volume={10},
  number={18},
  pages={6290},
  year={2020},
  publisher={MDPI}
}
@article{yang2022robust,
  title={Robust {UWB} indoor localization for {NLOS} scenes via learning spatial-temporal features},
  author={Yang, Bo and Li, Jun and Shao, Zhanpeng and Zhang, Hong},
  journal={IEEE Sensors Journal},
  volume={22},
  number={8},
  pages={7990--8000},
  year={2022},
  publisher={IEEE}
}
% ---------- Vision ----------
% Image retrieval
@inproceedings{laskar2017camera,
  title={Camera relocalization by computing pairwise relative poses using convolutional neural network},
  author={Laskar, Zakaria and Melekhov, Iaroslav and Kalia, Surya and Kannala, Juho},
  booktitle={Proceedings of the IEEE International Conference on Computer Vision Workshops},
  pages={929--938},
  year={2017}
}
@inproceedings{balntas2018relocnet,
  title={Relocnet: {C}ontinuous metric learning relocalisation using neural nets},
  author={Balntas, Vassileios and Li, Shuda and Prisacariu, Victor},
  booktitle={Proceedings of the European Conference on Computer Vision (ECCV)},
  pages={751--767},
  year={2018}
}
@article{xu2019robust,
  title={A robust indoor localization system integrating visual localization aided by {CNN}-based image retrieval with {M}onte {C}arlo localization},
  author={Xu, Song and Chou, Wusheng and Dong, Hongyi},
  journal={Sensors},
  volume={19},
  number={2},
  pages={249},
  year={2019},
  publisher={MDPI}
}
% Changing environment
@inproceedings{stenborg2020using,
  title={Using image sequences for long-term visual localization},
  author={Stenborg, Erik and Sattler, Torsten and Hammarstrand, Lars},
  booktitle={2020 International conference on 3d vision (3DV)},
  pages={938--948},
  year={2020},
  organization={IEEE}
}
@inproceedings{dubenova2022d,
  title={{D}-{I}n{L}oc++: Indoor Localization in Dynamic Environments},
  author={Dubenova, Martina and Zderadickova, Anna and Kafka, Ondrej and Pajdla, Tomas and Polic, Michal},
  booktitle={DAGM German Conference on Pattern Recognition},
  pages={246--261},
  year={2022},
  organization={Springer}
}
@article{chen2018indoor,
  title={Indoor visual positioning aided by {CNN}-based image retrieval: training-free, 3D modeling-free},
  author={Chen, Yujin and Chen, Ruizhi and Liu, Mengyun and Xiao, Aoran and Wu, Dewen and Zhao, Shuheng},
  journal={Sensors},
  volume={18},
  number={8},
  pages={2692},
  year={2018},
  publisher={MDPI}
}
@inproceedings{gao2020lightweight,
  title={Lightweight mobile devices indoor location based on image database},
  author={Gao, Ran and Zhao, Yanchao and Tang, Maoxing},
  booktitle={2020 IEEE 26th International Conference on Parallel and Distributed Systems (ICPADS)},
  pages={214--221},
  year={2020},
  organization={IEEE}
}


% Indoor positioning using wirelss and image data
% ---------- Hierarchical ----------
@inproceedings{guo2018fusion,
  title={Fusion of {W}i{F}i and vision based on smart devices for indoor localization},
  author={Guo, Jing and Zhang, Shaobo and Zhao, Wanqing and Peng, Jinye},
  booktitle={Proceedings of the 16th ACM SIGGRAPH International Conference on Virtual-Reality Continuum and its Applications in Industry},
  pages={1--8},
  year={2018}
}
@inproceedings{wang2020joint,
  title={Joint visual and wireless signal feature based approach for high-precision indoor localization},
  author={Wang, Yu and Zhou, Guangbing and Xiang, Chenlu and Zhang, Shunqing and Xu, Shugong},
  booktitle={GLOBECOM 2020-2020 IEEE Global Communications Conference},
  pages={1--6},
  year={2020},
  organization={IEEE}
}
@article{huang2020wifi,
  title={Wi{F}i and vision-integrated fingerprint for smartphone-based self-localization in public indoor scenes},
  author={Huang, Gang and Hu, Zhaozheng and Wu, Jie and Xiao, Hanbiao and Zhang, Fan},
  journal={IEEE Internet of Things Journal},
  volume={7},
  number={8},
  pages={6748--6761},
  year={2020},
  publisher={IEEE}
}
@article{park2022fi,
  title={Fi-{V}i: Large-Area Indoor Localization Scheme Combining {ML}/{DL}-Based Wireless Fingerprinting and Visual Positioning},
  author={Park, Sangwoo and Kim, Dong Ho and You, Cheolwoo},
  journal={IEEE Access},
  volume={10},
  pages={127094--127116},
  year={2022},
  publisher={IEEE}
}
@article{tang2023sequential,
  title={A sequential-multi-decision scheme for {W}i{F}i localization using vision-based refinement},
  author={Tang, Chenjun and Sun, Wei and Zhang, Xing and Zheng, Jin and Sun, Jian and Liu, Chongpei},
  journal={IEEE Transactions on Mobile Computing},
  year={2023},
  publisher={IEEE}
}

% Multi-device indoor localization system
@inproceedings{Lin2021,
  title={Multi-device Positioning System in Small-scale Indoor Environment based on Wireless Data and Multi-camera System},
  author={Lin, Ting-Wei},
  booktitle={Unpublished master’s thesis},
  year={2021},
  organization={National Cheng Kung University, Tainan, Taiwan}
}
@inproceedings{Wu2022,
  title={Multi-device Dynamic Indoor Localization System Using Wireless and Image Data Hashing},
  author={Wu, Yi-Fan},
  booktitle={Unpublished master’s thesis},
  year={2022},
  organization={National Cheng Kung University, Tainan, Taiwan}
}

% Particle filter
@inproceedings{li2016fast,
  title={A fast indoor tracking algorithm based on particle filter and improved fingerprinting},
  author={Li, Nan and Chen, Jiabin and Yuan, Yan and Song, Chunlei},
  booktitle={2016 35th Chinese Control Conference (CCC)},
  pages={5468--5472},
  year={2016},
  organization={IEEE}
}